<record><leader>00000cas a22000007a 4500</leader><controlfield tag="001">27091668</controlfield><controlfield tag="008">921209d19431963mousr ne      0    0eng d</controlfield><datafield ind1=" " ind2=" " tag="010"><subfield code="a">sn 92058956 </subfield></datafield><datafield ind1=" " ind2=" " tag="040"><subfield code="a">MQN</subfield><subfield code="b">eng</subfield><subfield code="c">MQN</subfield><subfield code="d">NSD</subfield><subfield code="d">OCL</subfield><subfield code="d">OCLCQ</subfield><subfield code="d">OCLCF</subfield><subfield code="d">OCLCO</subfield></datafield><datafield ind1="1" ind2=" " tag="029"><subfield code="a">AU@</subfield><subfield code="b">000025903393</subfield></datafield><datafield ind1=" " ind2=" " tag="042"><subfield code="a">msc</subfield></datafield><datafield ind1="0" ind2="0" tag="245"><subfield code="a">Midwest labor world.</subfield></datafield><datafield ind1=" " ind2=" " tag="260"><subfield code="a">St. Louis, Mo. :</subfield><subfield code="b">St. Louis Joint Council, United Retail, Wholesale and Department Store Employees--CIO</subfield></datafield><datafield ind1=" " ind2=" " tag="300"><subfield code="a">volumes</subfield></datafield><datafield ind1=" " ind2=" " tag="310"><subfield code="a">Semimonthly</subfield></datafield><datafield ind1=" " ind2=" " tag="336"><subfield code="a">text</subfield><subfield code="b">txt</subfield><subfield code="2">rdacontent</subfield></datafield><datafield ind1=" " ind2=" " tag="337"><subfield code="a">unmediated</subfield><subfield code="b">n</subfield><subfield code="2">rdamedia</subfield></datafield><datafield ind1=" " ind2=" " tag="338"><subfield code="a">volume</subfield><subfield code="b">nc</subfield><subfield code="2">rdacarrier</subfield></datafield><datafield ind1="0" ind2=" " tag="362"><subfield code="a">Vol. 1, no. 1 (May 12, 1943)-v. 21, no. 2 (May 15, 1963).</subfield></datafield><datafield ind1=" " ind2=" " tag="500"><subfield code="a">Editor: Carl Leathwood.</subfield></datafield><datafield ind1=" " ind2=" " tag="550"><subfield code="a">Official organ of: St. Louis Joint Council, United Retail, Wholesale and Dept. Store Employees--CIO, 1943-May 8, 1946; St. Louis Joint Council, Retail, Wholesale &amp; Department Store Union--CIO, May 22, 1946-Mar. 26, 1947; St. Louis Joint Board, Retail, Wholesale, &amp; Department Store Union--CIO, Apr. 9, 1947-Jan. 14, 1948; Local 688, Teamsters Union, Feb. 2, 1949-Jan. 1, 1955; Locals 688, 610, 405, Teamsters Union, Jan. 15, 1955-&lt;May 15, 1963&gt;</subfield></datafield><datafield ind1=" " ind2=" " tag="580"><subfield code="a">Ceased publication with the appearance of Missouri teamster.</subfield></datafield><datafield ind1=" " ind2="0" tag="650"><subfield code="a">Clerks (Retail trade)</subfield><subfield code="x">Labor unions</subfield><subfield code="v">Newspapers.</subfield></datafield><datafield ind1=" " ind2="0" tag="650"><subfield code="a">Transport workers</subfield><subfield code="x">Labor unions</subfield><subfield code="v">Newspapers.</subfield></datafield><datafield ind1=" " ind2="7" tag="655"><subfield code="a">Newspapers.</subfield><subfield code="2">fast</subfield><subfield code="0">(OCoLC)fst01423814</subfield></datafield><datafield ind1=" " ind2="7" tag="650"><subfield code="a">Clerks (Retail trade)</subfield><subfield code="x">Labor unions.</subfield><subfield code="2">fast</subfield><subfield code="0">(OCoLC)fst00864156</subfield></datafield><datafield ind1=" " ind2="7" tag="650"><subfield code="a">Transport workers</subfield><subfield code="x">Labor unions.</subfield><subfield code="2">fast</subfield><subfield code="0">(OCoLC)fst01155003</subfield></datafield><datafield ind1="1" ind2=" " tag="700"><subfield code="a">Leathwood, Carl.</subfield></datafield><datafield ind1="2" ind2=" " tag="710"><subfield code="a">United Retail, Wholesale, and Department Store Employees of America.</subfield><subfield code="b">St. Louis Joint Council.</subfield></datafield><datafield ind1="2" ind2=" " tag="710"><subfield code="a">Retail, Wholesale, and Department Store Union.</subfield><subfield code="b">St. Louis Joint Council.</subfield></datafield><datafield ind1="2" ind2=" " tag="710"><subfield code="a">International Brotherhood of Teamsters, Chauffeurs, Warehousemen, and Helpers of America.</subfield><subfield code="b">Joint Council 688 (Saint Louis, Mo.)</subfield></datafield><datafield ind1="2" ind2=" " tag="710"><subfield code="a">International Brotherhood of Teamsters, Chauffeurs, Warehousemen, and Helpers of America.</subfield><subfield code="b">Joint Council 610 (Saint Louis, Mo.)</subfield></datafield><datafield ind1="2" ind2=" " tag="710"><subfield code="a">International Brotherhood of Teamsters, Chauffeurs, Warehousemen, and Helpers of America.</subfield><subfield code="b">Joint Council 405 (Saint Louis, Mo.)</subfield></datafield><datafield ind1=" " ind2=" " tag="752"><subfield code="a">United States</subfield><subfield code="b">Missouri</subfield><subfield code="d">Saint Louis.</subfield></datafield><datafield ind1="1" ind2=" " tag="787"><subfield code="a">Missouri teamster</subfield><subfield code="x">0026-6728</subfield><subfield code="w">(DLC)sn 78000720</subfield></datafield></record>